<?xml version="1.0" encoding="UTF-8"?><collection xmlns="http://www.loc.gov/MARC21/slim"><record><leader>00479nam--2200181-i-4500</leader><controlfield tag="001">000012634</controlfield><controlfield tag="002">20161230</controlfield><controlfield tag="005">20170115220052</controlfield><controlfield tag="008">060222s1000------------r-----000-0-eng-d</controlfield><datafield ind1=" " ind2=" " tag="080"><subfield code="a">530.145.6</subfield></datafield><datafield ind1=" " ind2=" " tag="100"><subfield code="a">Chadan, K</subfield></datafield><datafield ind1=" " ind2=" " tag="245"><subfield code="a">Inverse problems in quantum scatterling theory</subfield></datafield><datafield ind1=" " ind2=" " tag="260"><subfield code="a">New York</subfield><subfield code="b">Springer-Verlag</subfield><subfield code="c">1977</subfield></datafield><datafield ind1=" " ind2=" " tag="300"><subfield code="a">XI + 344 p</subfield></datafield><datafield ind1=" " ind2=" " tag="490"><subfield code="a">Texts And Monographs In Physics</subfield></datafield><datafield ind1=" " ind2=" " tag="700"><subfield code="a">Sabastier, P. C</subfield></datafield><datafield ind1=" " ind2=" " tag="852"><subfield code="a">45944</subfield></datafield><datafield ind1=" " ind2=" " tag="CAT"><subfield code="a">SYS</subfield><subfield code="c">20170115</subfield><subfield code="h">220052</subfield></datafield></record></collection>